<record><leader>00000cas a22000007a 4500</leader><controlfield tag="001">13756219</controlfield><controlfield tag="008">860620d18671867pauwr ne      0    0eng d</controlfield><datafield ind1=" " ind2=" " tag="010"><subfield code="a">sn 86081581 </subfield></datafield><datafield ind1=" " ind2=" " tag="040"><subfield code="a">NPH</subfield><subfield code="b">eng</subfield><subfield code="c">NPH</subfield><subfield code="d">OCLCQ</subfield><subfield code="d">DLC</subfield><subfield code="d">OCLCF</subfield></datafield><datafield ind1=" " ind2=" " tag="042"><subfield code="a">msc</subfield></datafield><datafield ind1=" " ind2=" " tag="043"><subfield code="a">n-us-pa</subfield></datafield><datafield ind1="0" ind2=" " tag="130"><subfield code="a">Republican (Waynesburg, Pa.)</subfield></datafield><datafield ind1="1" ind2="4" tag="245"><subfield code="a">The Republican.</subfield></datafield><datafield ind1="1" ind2="7" tag="246"><subfield code="a">Waynesburg Republican</subfield></datafield><datafield ind1=" " ind2=" " tag="260"><subfield code="a">Waynesburg, Pa. :</subfield><subfield code="b">Jas. E. Sayers,</subfield><subfield code="c">1867.</subfield></datafield><datafield ind1=" " ind2=" " tag="300"><subfield code="a">1 v. ;</subfield><subfield code="c">64 cm.</subfield></datafield><datafield ind1=" " ind2=" " tag="310"><subfield code="a">Weekly</subfield></datafield><datafield ind1="0" ind2=" " tag="362"><subfield code="a">Vol. 11, no. 5 (July 17, 1867).</subfield></datafield><datafield ind1=" " ind2="0" tag="651"><subfield code="a">Waynesburg (Pa.)</subfield><subfield code="v">Newspapers.</subfield></datafield><datafield ind1=" " ind2="7" tag="655"><subfield code="a">Newspapers.</subfield><subfield code="2">fast</subfield><subfield code="0">(OCoLC)fst01423814</subfield></datafield><datafield ind1=" " ind2="7" tag="651"><subfield code="a">Pennsylvania</subfield><subfield code="z">Waynesburg.</subfield><subfield code="2">fast</subfield><subfield code="0">(OCoLC)fst01217523</subfield></datafield><datafield ind1=" " ind2=" " tag="752"><subfield code="a">United States</subfield><subfield code="b">Pennsylvania</subfield><subfield code="c">Greene</subfield><subfield code="d">Waynesburg.</subfield></datafield><datafield ind1="0" ind2="0" tag="780"><subfield code="t">Greene County Republican (Waynesburg, Pa.)</subfield><subfield code="x">2330-8621</subfield><subfield code="w">(DLC)sn 86081582</subfield><subfield code="w">(OCoLC)13756278</subfield></datafield><datafield ind1="0" ind2="0" tag="785"><subfield code="t">Waynesburg Republican (Waynesburg, Pa. : 1867)</subfield><subfield code="w">(DLC)sn 81004761</subfield></datafield></record>